<?xml version="1.0" encoding="UTF-8"?><collection xmlns="http://www.loc.gov/MARC21/slim"><record><leader>00410nam--2200157-i-4500</leader><controlfield tag="001">000023903</controlfield><controlfield tag="002">20161230</controlfield><controlfield tag="005">20170103165028</controlfield><controlfield tag="008">060222s1000------------r-----000-0-eng-d</controlfield><datafield ind1=" " ind2=" " tag="080"><subfield code="a">530.12:52-336</subfield></datafield><datafield ind1=" " ind2=" " tag="245"><subfield code="a">General relativity. An einstein centenary survey</subfield></datafield><datafield ind1=" " ind2=" " tag="260"><subfield code="a">Cambridge</subfield><subfield code="b">University Press</subfield><subfield code="c">1979</subfield></datafield><datafield ind1=" " ind2=" " tag="300"><subfield code="a">XVIII + 919 p</subfield></datafield><datafield ind1=" " ind2=" " tag="700"><subfield code="a">Israel, W</subfield></datafield><datafield ind1=" " ind2=" " tag="852"><subfield code="a">47949</subfield></datafield><datafield ind1=" " ind2=" " tag="CAT"><subfield code="a">SYS</subfield><subfield code="c">20170103</subfield><subfield code="h">165028</subfield></datafield></record></collection>